@BOOK{相吉英太郎200700, 
title={メタヒューリスティクスと応用},
author={相吉 英太郎 and 安田 恵一郎},
publisher={電気学会},
year={2007},
isbn={9784886862617},
url={http://amazon.co.jp/o/ASIN/4886862616/},
price={￥ 7,980},
totalpages={432},
timestamp={2012.02.10},
}
@article{堀内由樹子200600,
  title={P-2209 電子ブレーンストーミングのアイデアの生産性: 匿名性とシャイネスの効果の検討},
  author={堀内由樹子 and 近江玲},
  journal={日本パーソナリティ心理学会大会発表論文集},
  number={15},
  pages={118--119},
  year={2006},
  publisher={日本パーソナリティ心理学会}
}

@article{尾畑貴信200000,
  title={感性を反映できるカラーポスター作成支援システム},
  author={尾畑貴信 and 萩原将文},
  journal={情報処理学会論文誌},
  volume={41},
  number={3},
  pages={701--710},
  year={2000},
  publisher={社団法人情報処理学会}
}

@article{大坪英昭199700,
  title={感性情報による画像検索システムの構築},
  author={大坪英昭 and 亀井且有},
  journal={システム制御情報学会論文誌},
  volume={10},
  number={9},
  pages={455--462},
  year={1997},
  publisher={システム制御情報学会}
}

@article{田川和正200400,
author="田川 和正 and 河村 廣 and 谷 明勲 and 瀧澤 重志",
title="5076 対話型進化計算法を用いた建築物内装デザインの合意形成に関する研究(建築計画)",
journal="日本建築学会近畿支部研究報告集. 計画系",
ISSN="13456652",
publisher="社団法人日本建築学会",
year="2004-05-24",
volume="",
number="44",
pages="301-304",
URL="http://ci.nii.ac.jp/naid/110007052217/",
DOI="",
}
@article{伊藤冬子200900,
  title={対話型遺伝的アルゴリズムにおける嗜好の多峰性に対応可能な個体生成方法},
  author={伊藤冬子 and 廣安知之 and 三木光範 and 横内久猛},
  journal={人工知能学会論文誌},
  volume={24},
  number={1},
  pages={127--135},
  year={2009},
  publisher={社団法人 人工知能学会}
}

@book{天坂格郎，長沢伸也200000,
title={官能評価の基礎と自動車における感性のエンジニアリングのために},
author={天坂格郎，長沢伸也},
journal={},
publisher={日本規格協会},
year={2000},
url={},
}
@inproceedings{山川望200600,
  title={Web 上での商品選択のインタフェースの検討-対話型遺伝的アルゴリズムを用いたデザイン支援システムの構築},
  author={山川望},
  booktitle={The 20th Annual Conference of the Japanese Society for Artifical Intelligence, 2006},
  year={2006}
}

@article{菅原麻衣子200900,
  title={対話型遺伝的アルゴリズムを用いた浴衣のデザインシステム},
  author={菅原麻衣子 and 三木光範 and 廣安知之 and スガハラマイコ and ミキミツノリ and ヒロヤストモユキ},
  journal={同志社大学理工学研究報告},
  volume={50},
  number={1},
  pages={16--23},
  year={2009},
  publisher={同志社大学理工学研究所, Transcription: ドウシシャ ダイガク リコウガク ケンキュウジョ, Alternative: Science and Engineering Research Institute of Doshisha University}
}

@article{松下大輔200400,
author="松下 大輔 and 宗本 順三",
title="CG画像の感性評価による対話型進化計算を用いたファサードガラス特性の探索法の研究",
journal="日本建築学会計画系論文集",
ISSN="13404210",
publisher="社団法人日本建築学会",
year="2004-10-30",
volume="",
number="584",
pages="187-192",
URL="http://ci.nii.ac.jp/naid/110004659906/",
DOI="",
}
@article{住友宏行，徳丸正孝，村中徳明200900,
title={ロボットの感情生成モデルに関する研究〜CNN を用いた生き物らしさの表現〜},
author={住友宏行，徳丸正孝，村中徳明},
journal={関西大学工学部電子工学科2009 年度卒業論文},
publisher={},
year={2009},
url={},
}
@article{中津朋之000000,
title={カオスニューラルネットワークを用いたロボットの感情モデルに関す る研},
author={中津朋之},
journal={電子情報通信学会関西支部学生会第14 回学生会研究発表講演会},
publisher={},
year={2009},
url={},
}
@url{url000009,
title={五訂増補日本標準成分表},
author={},
journal={},
publisher={},
year={},
howpublished={http://www.mext.go.jp/b menu/shingi/gijyutu/gijyutu3/toushin/05031802.htm},
}
@BOOK{医歯薬出版株式会社200300, 
title={一品料理献立集 - 基本献立と治療食・軟菜食・行事食},
author={医歯薬出版株式会社},
publisher={医歯薬出版},
year={2003},
month={12},
edition={第2},
isbn={9784263704158},
url={http://amazon.co.jp/o/ASIN/4263704150/},
price={￥ 5,250},
totalpages={568},
timestamp={2012.02.03},
}
@misc{苅米志帆乃201000,
  title={栄養素等摂取バランスの分析に基づく食生活支援システム},
  author={苅米志帆乃 and 藤井敦 and 今木常之 and 樫山俊彦 and 西澤格 and 義久智樹 and 西尾章治郎},
  year={2010},
  publisher={日本データベース学会論文誌}
}

@article{吉冨康成200200,
title={ニューラルネットワーク},
author={吉冨康成},
journal={朝倉書店},
publisher={},
year={2002},
url={},
}
@article{柴田克成200100,
  title={ニューラルネットワークを用いた Direct-Vision-Based 強化学習},
  author={柴田克成 and 岡部洋一 and 伊藤宏司},
  journal={計測自動制御学会論文集},
  volume={37},
  number={2},
  pages={168--177},
  year={2001}
}

@article{UtsunomiyaH200900,
  title={Contextual behaviors and internal representations acquired by reinforcement learning with a recurrent neural network in a continuous state and action space task},
  author={Utsunomiya, H. and Shibata, K.},
  journal={Advances in Neuro-Information Processing},
  pages={970--978},
  year={2009},
  publisher={Springer}
}

@article{MeraK200200,
  title={Invoking emotions in a dialog system based on word-impressions},
  author={Mera, K. and Ichimura, T. and Aizawa, T. and Yamashita, T.},
  journal={Transactions of the Japanese Society for Artificial Intelligence},
  volume={17},
  pages={186--195},
  year={2002}
}

@book{篠原彰一200800,
  title={学習心理学への招待: 学習・記憶のしくみを探る},
  author={篠原彰一 and 梅本堯夫 and 大山正},
  year={2008},
  publisher={サイエンス社}
}

@article{中山茂200600,
  title={遺伝的アルゴリズムにおける干渉交叉法の検討 (計算理論)},
  author={中山茂 and 飯村伊智郎 and 松尾翠 and 前薗正宜},
  journal={情報処理学会論文誌},
  volume={47},
  number={8},
  pages={2625--2635},
  year={2006},
  publisher={社団法人情報処理学会}
}

@article{長尾智晴，安居院猛，長橋宏199300,
title={遺伝的手法を用いた2 値図形のパターンマッチン グ},
author={長尾智晴，安居院猛，長橋宏},
journal={電子情報通信学会論文誌Vol.76，No.3，pp.557-565},
publisher={},
year={1993},
url={},
}
@article{山村雅幸，小野貴久，小林重信199200,
title={形質の遺伝を重視した遺伝的アルゴリズムに基 づく巡回セールスマン問題の解法},
author={山村雅幸，小野貴久，小林重信},
journal={人工知能学会誌Vol.7，No.6，pp.1049-1059},
publisher={},
year={1992},
url={},
}
@article{佐藤浩199700,
  title={遺伝的アルゴリズムにおける世代交代モデルの提案と評価},
  author={佐藤浩 and 小野功 and 小林重信},
  journal={人工知能学会誌},
  volume={12},
  number={5},
  pages={734--744},
  year={1997},
  publisher={社団法人人工知能学会}
}

@book{合原一幸199300,
  title={ニューラルシステムにおけるカオス},
  author={合原一幸},
  year={1993},
  publisher={東京電機大学出版局}
}

@article{堤一義199400,
title={ニューラルネットワーク研究の最近の動向},
author={堤一義},
journal={Medical Imaging Technology， Vol.12，No.2},
publisher={},
year={1994},
url={},
}
@book{馬場則夫199400,
  title={ニューラルネットの基礎と応用},
  author={馬場則夫},
  year={1994},
  publisher={共立出版}
}

@article{竹部恵美199600,
  title={短期記憶モデルの一考察},
  author={竹部恵美 and 官野久光 and 森晃徳},
  journal={電子情報通信学会技術研究報告. NC, ニューロコンピューティング},
  volume={95},
  number={599},
  pages={171--176},
  year={1996},
  publisher={社団法人電子情報通信学会}
}

@BOOK{徳高平蔵200700, 
title={自己組織化マップとその応用},
author={徳高 平蔵},
publisher={シュプリンガー・ジャパン株式会社},
year={2007},
month={7},
isbn={9784431723158},
url={http://amazon.co.jp/o/ASIN/4431723153/},
price={￥ 5,565},
totalpages={314},
timestamp={2012.02.02},
}
@article{喜多悠太，徳丸正孝，村中徳明201000,
title={心理学的記憶を取り入れた感性ロボットのた めの情報処理モデルに関する研究},
author={喜多悠太，徳丸正孝，村中徳明},
journal={日本知能情報ファジィ学会第26 回ファジィ システムシンポジウム講演論文集},
publisher={},
year={2010},
url={},
}
@url{url000008,
title={AIBO Official Site},
author={},
journal={},
publisher={ソニー株式
会社},
year={},
howpublished={http://www.sony.jp/products/Consumer/aibo/},
}
@book{吉田典之200300,
title={ロボットもの知り百科},
author={吉田典之},
journal={},
publisher={電波新聞社},
year={2003},
url={},
}
@book{ブレインナビ200200,
title={ロボットグラフィティ},
author={ブレインナビ},
journal={},
publisher={オーム社},
year={2002},
url={},
}
@url{url000007,
title={朝日テレビ系列「おかずのクッキング」},
author={},
journal={},
publisher={},
year={},
howpublished={http://www.tv-asahi.co.jp/okazu/},
}
@url{url000006,
title={おいしいレシピが満載！日本テレビ系列「キューピー3分クッキング」},
author={},
journal={},
publisher={},
year={},
howpublished={http://www.ntv.co.jp/3min/},
}
@article{上田真由美200700,
  title={食材利用履歴に基づき個人の嗜好を反映するレシピ推薦手法},
  author={上田真由美 and 石原和幸 and 平野靖 and 梶田将司 and 間瀬健二},
  journal={データベースを Web 情報システムに関するシンポジウム DBWeb2007, 3C-3},
  year={2007}
}

@inproceedings{TokumaruM200800,
  title={An evolutionary fuzzy color emotion model for coloring support systems},
  author={Tokumaru, M. and Muranaka, N.},
  booktitle={Fuzzy Systems, 2008. FUZZ-IEEE 2008.(IEEE World Congress on Computational Intelligence). IEEE International Conference on},
  pages={408--413},
  year={2008},
  organization={IEEE}
}

@inproceedings{HornJ199400,
  title={A niched Pareto genetic algorithm for multiobjective optimization},
  author={Horn, J. and Nafpliotis, N. and Goldberg, D.E.},
  booktitle={Evolutionary Computation, 1994. IEEE World Congress on Computational Intelligence., Proceedings of the First IEEE Conference on},
  pages={82--87},
  year={1994},
  organization={Ieee}
}

@article{SmithJR199100,
  title={Designing biomorphs with an interactive genetic algorithm},
  author={Smith, J.R.},
  year={1991},
  publisher={Morgan Kaufmann Publisher}
}

@url{url000005,
title={Cooks.com},
author={},
journal={},
publisher={},
year={},
howpublished={http://www.cooks.com/},
}
@url{url000004,
title={Recipes - Allrecipes.com},
author={},
journal={},
publisher={},
year={},
howpublished={http://allrecipes.com/},
}
@article{三木光範200300,
  title={1313 並列分散対話型遺伝的アルゴリズムの提案},
  author={三木光範 and 廣安知之 and 冨岡弘志},
  journal={設計工学・システム部門講演会講演論文集},
  volume={2003},
  number={13},
  pages={140--143},
  year={2003},
  publisher={社団法人日本機械学会}
}

@article{渡辺芳信200600,
  title={2B4-6 一対比較評価に基づく対話型遺伝的アルゴリズムに関する一提案 (2B4 OS: 進化システムによる設計計画支援)},
  author={渡辺芳信 and 吉川大弘 and 古橋武},
  journal={インテリジェントシステム・シンポジウム講演論文集},
  volume={16},
  pages={307--310},
  year={2006},
  publisher={社団法人日本機械学会}
}

@article{竹之内宏201100,
  title={2 点嗜好法を適用した複数参加型トーナメント方式を用いた対話型遺伝的アルゴリズム},
  author={竹之内宏 and 徳丸正孝 and 村中徳明},
  journal={知能と情報},
  volume={23},
  number={1},
  pages={38--53},
  year={2011},
  publisher={J-STAGE}
}

@article{中村広美200800,
  title={IGA を用いたヘッドホン受聴のための音質フィッティングシステムの構築とその有効性の検証},
  author={中村広美 and 梶川嘉延 and 野村康雄},
  journal={電子情報通信学会技術研究報告. EA, 応用音響},
  volume={107},
  number={470},
  pages={7--12},
  year={2008},
  publisher={社団法人電子情報通信学会}
}

@article{伴場裕介200500,
  title={評価エージェントを用いた対話型進化計算法によるインテリアレイアウト支援システム (知的創造作業支援)},
  author={伴場裕介 and 小谷淳司 and 萩原将文},
  journal={情報処理学会論文誌},
  volume={46},
  number={11},
  pages={2804--2813},
  year={2005},
  publisher={社団法人情報処理学会}
}

@article{TakagiH200100,
  title={Interactive evolutionary computation: Fusion of the capabilities of EC optimization and human evaluation},
  author={Takagi, H.},
  journal={Proceedings of the IEEE},
  volume={89},
  number={9},
  pages={1275--1296},
  year={2001},
  publisher={IEEE}
}

@article{青砥哲朗201000,
  title={図書館の利用頻度を高めることを目的とした書籍レコメンドシステムの開発 (< 特集> データマイニングの活用)},
  author={青砥哲朗},
  journal={情報の科学と技術},
  volume={60},
  number={6},
  pages={236--241},
  year={2010},
  publisher={社団法人情報科学技術協会}
}

@article{伊藤達明200900,
  title={ライフログに基づく TV 番組レコメンド方式の検討},
  author={伊藤達明 and 中村幸博 and 手塚博久 and 武藤伸洋 and 阿部匡伸},
  journal={電気学会研究会資料. CMN, 通信研究会},
  volume={2009},
  number={19},
  pages={81--86},
  year={2009}
}

@article{市川裕介200500,
  title={書籍販売サイト bk1 におけるレコメンドエンジン AwarenessNet の導入効果 (セッション 6: ネットワークサービス (1))},
  author={市川裕介 and 田中明通 and 川村亨 and 中村俊郎},
  journal={情報処理学会研究報告. GN,[グループウェアとネットワークサービス]},
  volume={2005},
  number={30},
  pages={99--104},
  year={2005},
  publisher={社団法人情報処理学会}
}

@article{小田川智200600,
  title={楽曲レコメンドシステム (音響・音場再生及び音楽音響, 一般)},
  author={小田川智 and 児玉泰輝 and 莪山真一 and 鈴木康悟 and 松下文雄 and 塩田岳彦},
  journal={電子情報通信学会技術研究報告. EA, 応用音響},
  volume={106},
  number={160},
  pages={49--53},
  year={2006},
  publisher={社団法人電子情報通信学会}
}

@article{TaillardE199100,
  title={Robust taboo search for the quadratic assignment problem},
  author={Taillard, E.},
  journal={Parallel computing},
  volume={17},
  number={4-5},
  pages={443--455},
  year={1991},
  publisher={Elsevier}
}

@article{北本朝展199800,
author="北本 朝展 and 高木 幹雄",
title="待ち行列型遺伝的アルゴリズムを用いた対話的な画像散策法(<論文特集>対話型進化計算法)",
journal="人工知能学会誌",
ISSN="09128085",
publisher="社団法人人工知能学会",
year="1998-09-01",
volume="13",
number="5",
pages="728-738",
URL="http://ci.nii.ac.jp/naid/110002808098/",
DOI="",
}
@article{北本朝展199600,
  title={パイプライン型遺伝的アルゴリズムによる模擬育種法を用いた類似画像検索規準の学習},
  author={北本朝展 and 高木幹雄},
  journal={電子情報通信学会技術研究報告. HIP, ヒューマン情報処理},
  volume={96},
  number={115},
  pages={17--22},
  year={1996},
  publisher={社団法人電子情報通信学会}
}

@article{長尾光悦199800,
  title={インタラクティブ GA に基づく画像検索システムの評価 (< 論文特集> 対話型進化計算法)},
  author={長尾光悦 and 山本雅人 and 鈴木恵二 and 大内東},
  journal={人工知能学会誌},
  volume={13},
  number={5},
  pages={720--727},
  year={1998},
  publisher={社団法人人工知能学会}
}

@article{小黒麻希200700,
  title={我が国における調理による成分変化率補正表: 五訂増補成分表収載食品について (自然科学編)},
  author={小黒麻希 and 山口美穂子 and 渡邊智子 and 佐藤裕美 and 吉田ちぐさ},
  journal={千葉県立衛生短期大学紀要},
  volume={26},
  number={1},
  pages={39--49},
  year={2007},
  publisher={千葉県立衛生短期大学}
}

@article{渡邊智子200500,
  title={動物性食品に含まれる栄養素の調理による変化率の算定と適用},
  author={渡邊智子 and 鈴木亜夕帆 and 山口美穂子 and 熊谷昌士 and 見目明継 and 竹内昌昭 and 萩原清和},
  journal={日本調理科学会誌},
  volume={38},
  number={1},
  pages={6--20},
  year={2005},
  publisher={日本調理科学会}
}

@article{渡邊智子200400,
  title={植物性食品に含まれる栄養素の調理による変化率の算定と適用},
  author={渡邊智子 and 鈴木亜夕帆 and 熊谷昌士 and 見目明継 and 竹内昌昭 and 西牟田守 and 萩原清和},
  journal={榮養學雑誌= THE JAPANESE JOURNAL OF NUTRITION AND DIETETICS},
  volume={62},
  number={3},
  pages={171--182},
  year={2004},
  publisher={日本栄養改善学会}
}

@article{廣澤一輝201000,
  title={ニューラルネットワークを用いた MaC モデルに基づく感情生成システム},
  author={廣澤一輝 and 長名優子},
  journal={知能と情報},
  volume={22},
  number={1},
  pages={25--38},
  year={2010},
  publisher={J-STAGE}
}

@article{Watanabe:2007,
title={一対比較評価に基づく対話型遺伝的アルゴリズム(Session 3)},
author={渡辺 芳信，吉川 大弘，古橋 武，},
journal={情報処理学会研究報告 MPS，数理モデル化と問題解決研究報告，No.19，pp.69-72，},
publisher={},
year={2007},
url={http://ci.nii.ac.jp/naid/110006248725},
}
@article{Takami:2010,
title={対話型遺伝的アルゴリズムによるバーチャル花壇の嗜好性調査},
author={高見 聖，大森 宏，羽生 和紀，山下 雅子，斎尾 乾二郎，},
journal={第12回日本感性工学会大会，2F1-4(CD-ROM)，},
publisher={},
year={2010},
url={},
}
@article{Onisawa:2009,
title={インタラクション服飾デザイン支援システム},
author={鬼沢 武久，緒形 友希，},
journal={日本感性工学会論文誌，Vol.9，No.1，pp25-32，},
publisher={},
year={2009},
url={},
}
@article{HideyukiTakagi:2009,
title={Paired Comparisons-based Interactive Differential Evolution},
author={Hideyuki Takagi and Denis Pallez,},
journal={World Congress on Nature and Biologically Inspired Computing (NaBIC'09), },
publisher={},
year={2009},
url={http://ieeexplore.ieee.org/xpls/abs_all.jsp?arnumber=5393359&tag=1},
}
@article{Inoue:2009,
title={対話型進化計算による配色支援システム},
author={井上 博行，袁 丹，岩谷 香栄，},
journal={知能と情報 日本知能情報ファジィ学会誌，Vol.21，No.5，pp.757-767，},
publisher={},
year={2009},
url={http://www.jstage.jst.go.jp/article/jsoft/21/5/21\_757/\_article/-char/ja},
}
@article{Bamba:2005,
title={評価エージェントを用いた対話型進化計算手法によるインテリアレイアウト支援システム},
author={伴場 裕介，小谷 淳司，萩原 将文},
journal={情報処理学会論文誌，Vol.46，No.11，pp.2804-2813，},
publisher={},
year={2005},
url={http://ci.nii.ac.jp/naid/110002972736},
}
@article{松村京子200600,
title={乳児の情動研究：非接触法による生理学的アプローチ},
author={松村京子},
journal={ベビーサイエンス},
publisher={},
year={2006},
url={},
}
@article{目良和也，市村匠201100,
title={自己組織化マップによるパーソナル心的状態遷移ネットワーク},
author={目良和也，市村匠},
journal={27th Fuzzy System Symposium},
publisher={},
year={2011},
url={},
}
@BOOK{フランク・コーブル197200, 
title={マズローの心理学},
author={フランク・コーブル},
publisher={産能大出版部},
year={1972},
month={1},
isbn={9784382042476},
url={http://amazon.co.jp/o/ASIN/438204247X/},
price={￥ 2,625},
totalpages={315},
timestamp={2012.01.24},
}
@url{url000003,
title={人間存在研究},
author={},
journal={},
publisher={},
year={},
howpublished={http://www.eonet.ne.jp/~human-being/},
}
@BOOK{大江矩夫200100, 
title={人間存在論 - 言語論の革新と西洋思想批判〈前編〉},
author={大江 矩夫},
publisher={白川書院},
year={2001},
month={6},
isbn={9784786700316},
url={http://amazon.co.jp/o/ASIN/4786700312/},
price={￥ 2,625},
totalpages={271},
timestamp={2012.01.24},
}
@BOOK{アントニオ・R・ダマシオ200300, 
title={無意識の脳 自己意識の脳},
author={アントニオ・R・ダマシオ},
publisher={講談社},
year={2003},
month={6},
isbn={9784062118781},
url={http://amazon.co.jp/o/ASIN/4062118785/},
price={￥ 2,940},
totalpages={416},
timestamp={2012.01.24},
}
@BOOK{キャロラインサーニ200500, 
title={感情コンピテンスの発達},
author={キャロライン サーニ},
publisher={ナカニシヤ出版},
year={2005},
month={12},
isbn={9784779500732},
url={http://amazon.co.jp/o/ASIN/4779500737/},
price={￥ 5,250},
totalpages={457},
timestamp={2012.01.24},
}
@book{LewisME199300,
  title={Handbook of emotions.},
  author={Lewis, M.E. and Haviland, J.M.},
  year={1993},
  publisher={Guilford Press}
}

@article{BridgesKMB193200,
  title={Emotional development in early infancy},
  author={Bridges, K.M.B.},
  journal={Child development},
  pages={324--341},
  year={1932},
  publisher={JSTOR}
}

@article{原田光帆，徳丸正孝，村中徳明201000,
title={発達機能を持つロボットの感情生成モデルに関する研究},
author={原田光帆，徳丸正孝，村中徳明},
journal={関西大学システム理工学部電気電子情報工学科2010 年度卒業論文},
publisher={},
year={2010},
url={},
}
@article{辻三郎199900,
title={感性とロボット 感性情報処理},
author={辻三郎},
journal={日本ロボット学会誌},
publisher={},
year={1999},
url={},
}
@BOOK{日本学際会議199300, 
title={感性と情報処理 - 情報科学の新しい可能性},
editor={日本学際会議},
publisher={共立出版},
year={1993},
month={10},
isbn={9784320023598},
url={http://amazon.co.jp/o/ASIN/4320023595/},
price={￥ 2,835},
totalpages={198},
timestamp={2012.01.24},
}
@BOOK{辻三郎199700, 
title={感性の科学 - 感性情報処理へのアプローチ},
editor={辻 三郎},
publisher={サイエンス社},
year={1997},
month={1},
isbn={9784781908281},
url={http://amazon.co.jp/o/ASIN/4781908284/},
price={￥ 2,520},
totalpages={217},
timestamp={2012.01.24},
}
@book{有限会社ブッカーズ編集200500,
title={パートナーロボット資料集成},
author={有限会社ブッカーズ編集},
journal={},
publisher={エヌ・ティ・エス},
year={2005},
url={},
}
@article{藤田雅博200100,
  title={ロボットエンターテイメントと人工知能 (＜特集＞「エンターテイメントと AI」)},
  author={藤田雅博},
  journal={人工知能学会誌},
  volume={16},
  number={3},
  pages={399--405},
  year={2001},
  publisher={社団法人人工知能学会}
}

@article{苅米志帆乃200800,
author="苅米 志帆乃 and 藤井 敦",
title="4U-4 料理レシピを対象とした関連検索システム(文書の分類と検索,学生セッション,人工知能と認知科学)",
journal="全国大会講演論文集",
ISSN="",
publisher="一般社団法人情報処理学会",
year="2008-03-13",
volume="70",
number="2",
pages=""2-159"-"2-160"",
URL="http://ci.nii.ac.jp/naid/110006865387/",
DOI="",
}
@article{住川裕岳200700,
author="住川 裕岳 and 宮代 隆平 and 中森 眞理雄",
title="巡回トーナメント問題に対するタブーサーチ・アルゴリズム",
journal="情報処理学会研究報告. MPS, 数理モデル化と問題解決研究報告",
ISSN="09196072",
publisher="一般社団法人情報処理学会",
year="2007-06-25",
volume="2007",
number="64",
pages="5-8",
URL="http://ci.nii.ac.jp/naid/110006345447/",
DOI="",
}
@BOOK{アントニオ・R・ダマシオ200500, 
title={感じる脳 情動と感情の脳科学 よみがえるスピノザ},
author={アントニオ・R・ダマシオ},
publisher={ダイヤモンド社},
year={2005},
month={10},
isbn={9784478860519},
url={http://amazon.co.jp/o/ASIN/4478860513/},
price={￥ 2,940},
totalpages={413},
timestamp={2012.01.23},
}
@BOOK{田村明久200200, 
title={最適化法 (工系数学講座)},
author={田村 明久 and 村松 正和},
publisher={共立出版},
year={2002},
isbn={9784320016163},
url={http://amazon.co.jp/o/ASIN/4320016165/},
price={￥ 3,150},
totalpages={233},
timestamp={2012.01.23},
}
@url{url000002,
title={あなたに必要な一日の栄養量は？（日本人の食事摂取基準より）東京都福祉保険局},
author={},
journal={},
publisher={},
year={},
howpublished={http://www.fukushihoken.metro.tokyo.jp/kenkou/kenko\_zukuri/ei\_syo/s\_hyouji/katsuyou/ichinichi\_eiyo/index.html},
}
@url{url000001,
title={日本人の食事摂取基準（2010 年版）},
author={},
journal={},
publisher={},
year={},
howpublished={http://www/mhlw.go.jp/bunya/kenkou/sessyu-kijyun.html},
}
@article{GloverF198900,
  title={“Tabu Search-part I”},
  author={Glover, F. and others},
  journal={ORSA Journal on Computing},
  volume={1},
  number={3},
  pages={190--206},
  year={1989}
}

@article{野々部宏司200800,
  title={局所探索法とその拡張―タブー探索法を中心として},
  author={野々部宏司 and 柳浦睦憲},
  journal={計測と制御},
  volume={47},
  number={6},
  pages={493--499},
  year={2008}
}

@BOOK{柳浦睦憲200100, 
title={組合せ最適化 - メタ戦略を中心として (経営科学のニューフロンティア)},
author={柳浦 睦憲 and 茨木 俊秀},
publisher={朝倉書店},
year={2001},
month={1},
isbn={9784254275124},
url={http://amazon.co.jp/o/ASIN/4254275129/},
price={￥ 5,040},
totalpages={237},
timestamp={2012.01.23},
}
@article{北口治夫200600,
  title={“配色支援システムにおける {IGA} インタフェースの検討”},
  author={北口治夫 and 徳丸正孝 and 村中徳明},
  journal={ヒューマンインタフェース学会研究報告集: human interface},
  volume={8},
  number={2},
  pages={85--90},
  year={2006},
  publisher={ヒュ-マンインタフェ-ス学会}
}

@url{url000000,
title={レシピ検索No.1／料理レシピ載せるなら クックパッド},
author={},
journal={},
publisher={},
year={},
howpublished={http://cookpad.com/},
}
@article{櫻井義尚200900,
  title={“個人の主観的イメージを自動学習する検索手法”},
  author={櫻井義尚 and 鶴田節夫},
  journal={知能と情報},
  volume={21},
  number={2},
  pages={214--221},
  year={2009},
  publisher={J-STAGE}
}

@article{加藤俊一200900,
  title={“画像メディアの感性検索”},
  author={加藤俊一},
  journal={電子情報通信学会誌},
  volume={92},
  number={11},
  pages={955--957},
  year={2009},
  publisher={社団法人電子情報通信学会}
}

@article{原田隆史200900,
  title={“書評中の語を用いた図書に対する感性パラメータ自動設定の最適化”},
  author={原田隆史 and 池内正明},
  journal={情報知識学会誌},
  volume={19},
  number={2},
  pages={152--157},
  year={2009},
  publisher={J-STAGE}
}

@article{山中敏正200900,
  title={“ユーザコンシャスなデザイン情報の感性検索”},
  author={山中敏正},
  journal={電子情報通信学会誌},
  volume={92},
  number={11},
  pages={964--966},
  year={2009},
  publisher={社団法人電子情報通信学会}
}

@article{岡嶐一200900,
  title={“Web からの音響と映像の感性検索”},
  author={岡嶐一 and 矢口勇一 and 河合天士 and 大島万里恵},
  journal={電子情報通信学会誌},
  volume={92},
  number={11},
  pages={961--963},
  year={2009},
  publisher={社団法人電子情報通信学会}
}

@article{徳丸正孝200900,
  title={“対話型進化計算による感性検索エージェントの最適化”},
  author={徳丸正孝 and 村中徳明},
  journal={感性工学研究論文集},
  volume={8},
  number={3},
  page={885--892},
  year={2009},
  publisher={日本感性工学会}
}

@article{井上康司200800,
  title={ニューラルネットを用いた感性ロボットの自発的行動と欲求制御 (特集 感性ロボティクス)},
  author={井上康司 and 徳丸正孝 and 村中徳明},
  journal={感性工学},
  volume={7},
  number={4},
  pages={733--739},
  year={2008},
  publisher={日本感性工学会}
}

@article{中嶋拓人，徳丸正孝，村中徳明201100,
title={RNN を用いたロボットの移動学習モデルに関 する研究〜オペラント条件付けによる自発的移動〜},
author={中嶋拓人，徳丸正孝，村中徳明},
journal={関西大学システム理工学部電気電子情報工学科2010 年度卒業論文},
publisher={},
year={2011},
url={ない},
}
@article{Takagi:07,
  title={Interactive evolutionary computation-based hearing aid fitting},
  author={Takagi, H. and Ohsaki, M.},
  journal={IEEE Transactions on Evolutionary Computation,},
  volume={11},
  number={3},
  pages={414-427},
  year={2007},
  publisher={IEEE}
}

@article{Takagi:01,
  title={Interactive evolutionary computation: Fusion of the capabilities of EC optimization and human evaluation},
  author={Takagi, H.},
  journal={Proceedings of the IEEE},
  volume={89},
  number={9},
  pages={1275-1296},
  year={2001},
  publisher={IEEE}
}

@inproceedings{Miki:06,
  title={Design of sign sounds using an interactive genetic algorithm},
  author={Miki, M. and Orita, H. and Wake, S.H. and Hiroyasu, T.},
  booktitle={IEEE International Conference Systems, Man and Cybernetics, 2006 SMC'06},
  volume={4},
  pages={3486-3490},
  year={2006},
  organization={IEEE}
}

@article{Miki:2008,
title={対話型遺伝的アルゴリズムを用いたサイン音系列生成システム},
author={三木 光範，織田 博子，菅原 麻衣子，和氣 早苗，森下 千春，廣安 知之},
journal={ヒューマンインタフェース学会論文誌，Vol.10，No.2，pp.243-251
},
publisher={},
year={2008},
url={http://jglobal.jst.go.jp/public/20090422/200902226925223603},
}
@article{Takenouchi:2011,
  title={2点嗜好法を適用した複数参加型トーナメント方式を用いた対話型遺伝的アルゴリズム},
  author={竹之内宏，徳丸正孝，村中徳明},
  journal={知能と情報},
  volume={23},
  number={1},
  pages={38-53},
  year={2011},
  publisher={J-STAGE},
  url={http://www.jstage.jst.go.jp/article/jsoft/23/1/23_38/_article/-char/ja/}
}

@article{Watabae:2008,
  title={対話型進化計算における実評価数可変型評価値推論法の適用},
  author={渡辺芳信，吉川大弘，古橋武，大崎美穂},
  journal={知能と情報},
  volume={20},
  number={5},
  pages={810--816},
  year={2008},
  publisher={J-STAGE},
  url={http://www.jstage.jst.go.jp/article/jsoft/20/5/20_810/_article/-char/ja}
}

@article{Uji:2010,
title={多空間デザインモデルに基づくロボットの親近感生起動作生成法},
author={氏家 良樹，奈良原 久之，前野 隆司，竹村 研治郎，松岡 由幸},
journal={デザイン学研究，Vol.57，No.3，pp.35-42，2010．},
publisher={},
year={2010},
url={http://ci.nii.ac.jp/naid/110007880591},
}
